@article{ieee42010,
  author      = {IEEE},
  journal     = {ISO/IEC/IEEE 42010:2022(E)}, 
  title       = {ISO/IEC/IEEE International Standard for Software, systems and enterprise -- Architecture description},
  institution = {IEEE Standards Association}, 
  year        = {2022},
  type        = {Standard},
  url         = {https://ieeexplore.ieee.org/document/9938446},
  urldata     = {2023-05-10},
  doi         = {10.1109/IEEESTD.2022.9938446}
}


@misc{afetbilgi,
  author       = {Afet Bilgi İşlem Merkezi},
  title        = {AfetBilgi | Afetler Hakkında Doğru ve Güncel Bilgiler},
  year         = {February, 2023},
  howpublished = {\url{http://www.afetbilgi.com/}},
}
