@techreport{ieee29148,
  author      = {IEEE},
  title       = {29148-2011 - ISO/IEC/IEEE International Standard -- Systems and software engineering -- Life cycle processes -- Requirements engineering},
  institution = {IEEE Standards Association},
  year        = {2011},
  type        = {Standard},
  url         = {http://ieeexplore.ieee.org/document/6146379/},
  urldate     = {2023-04-12},
  doi         = {10.1109/IEEESTD.2011.6146379}
}

@misc{afetbilgi,
  author       = {Afet Bilgi İşlem Merkezi},
  title        = {AfetBilgi | Afetler Hakkında Doğru ve Güncel Bilgiler},
  year         = {February, 2023},
  howpublished = {\url{http://www.afetbilgi.com/}},
}
